<?xml version="1.0" encoding="UTF-8"?><collection xmlns="http://www.loc.gov/MARC21/slim"><record><leader>00400nam--2200145-i-4500</leader><controlfield tag="001">000017205</controlfield><controlfield tag="002">20161230</controlfield><controlfield tag="005">20161230201032</controlfield><controlfield tag="008">060222s1000------------r-----000-0-eng-d</controlfield><datafield ind1=" " ind2=" " tag="080"><subfield code="a">621.039.556(043)</subfield></datafield><datafield ind1=" " ind2=" " tag="100"><subfield code="a">Dumitrache, Ion</subfield></datafield><datafield ind1=" " ind2=" " tag="245"><subfield code="a">Metode pentru verificarea performantelor neutr onice garantate ale reactorilor nucleari</subfield></datafield><datafield ind1=" " ind2=" " tag="260"><subfield code="a">Bucuresti, 1993. 186 P</subfield></datafield><datafield ind1=" " ind2=" " tag="490"><subfield code="a">Teza</subfield></datafield><datafield ind1=" " ind2=" " tag="852"><subfield code="a">80146</subfield></datafield></record></collection>